 BibTeX | EndNote | ACM Ref

@inproceedings{netflix-real-time,
 author = {Reed, Andrew and Kranch, Michael},
 title = {Identifying HTTPS-Protected Netflix Videos in Real-Time},
 booktitle = {Proceedings of the Seventh ACM on Conference on Data and Application Security and Privacy},
 series = {CODASPY '17},
 year = {2017},
 isbn = {978-1-4503-4523-1},
 location = {Scottsdale, Arizona, USA},
 pages = {361--368},
 numpages = {8},
 url = {http://doi.acm.org/10.1145/3029806.3029821},
 doi = {10.1145/3029806.3029821},
 acmid = {3029821},
 publisher = {ACM},
 address = {New York, NY, USA},
 keywords = {Netflix, dynamic adaptive streaming over HTTP, privacy, traffic analysis},
} 

@online{per-title-encoding,
  author = {Netflix TechBlog},
  title = {Per-Title Encode Optimization},
  year = {2015},
  url = {https://medium.com/netflix-techblog/per-title-encode-optimization-7e99442b62a2}
}           
            
@MISC{adudump,
    author = {Jeff Terrell and Kevin Jeffay and F. Donelson Smith and Jim Gogan and Joni Keller},
    title = {Passive, Streaming Inference of TCP Connection Structure for Network Server Management},
    year = {2009},
    howpublished = {IEEE International Traffic Monitoring and Analysis Workshop}
}
            
@online{video-traffic-forecast,
  author = {Business Insider Intelligence},
  title = {Video will account for an overwhelming majority of internet traffic by 2021},
  year = {2019},
  url = {https://www.businessinsider.com/heres-how-much-ip-traffic-will-be-video-by-2021-2017-6?r=US&IR=T}
}
